<record><leader>00000cas a2200000 a 4500</leader><controlfield tag="001">30845955</controlfield><controlfield tag="007">hd bfu---baat</controlfield><controlfield tag="007">hd afu---bact</controlfield><controlfield tag="008">940729c19139999nbuwr nea     0    0eng d</controlfield><datafield ind1=" " ind2=" " tag="010"><subfield code="a">sn 94055415 </subfield></datafield><datafield ind1=" " ind2=" " tag="040"><subfield code="a">NVG</subfield><subfield code="b">eng</subfield><subfield code="c">NVG</subfield><subfield code="d">OCL</subfield><subfield code="d">OCLCQ</subfield><subfield code="d">OCLCF</subfield><subfield code="d">OCLCO</subfield><subfield code="d">OCLCQ</subfield></datafield><datafield ind1=" " ind2=" " tag="042"><subfield code="a">msc</subfield></datafield><datafield ind1=" " ind2=" " tag="043"><subfield code="a">n-us-nb</subfield></datafield><datafield ind1="0" ind2="4" tag="245"><subfield code="a">The Nebraska journal-leader.</subfield></datafield><datafield ind1="1" ind2="7" tag="246"><subfield code="a">Nebraska journal-leader Emerson tri-county press</subfield><subfield code="f">Aug. 15, 1985-Nov. 21, 1985</subfield></datafield><datafield ind1="1" ind2="5" tag="246"><subfield code="a">Emerson tri-county press</subfield><subfield code="f">Aug. 8, 1985-Nov. 21, 1985</subfield></datafield><datafield ind1=" " ind2=" " tag="260"><subfield code="a">Ponca, Neb. :</subfield><subfield code="b">B.W. Kautz &amp; M.F. Meade,</subfield><subfield code="c">1913-</subfield></datafield><datafield ind1=" " ind2=" " tag="300"><subfield code="a">volumes</subfield></datafield><datafield ind1=" " ind2=" " tag="310"><subfield code="a">Weekly</subfield></datafield><datafield ind1=" " ind2=" " tag="321"><subfield code="a">Semiweekly,</subfield><subfield code="b">July 14, 1914-Dec. 25, 1914</subfield></datafield><datafield ind1=" " ind2=" " tag="336"><subfield code="a">text</subfield><subfield code="b">txt</subfield><subfield code="2">rdacontent</subfield></datafield><datafield ind1=" " ind2=" " tag="337"><subfield code="a">microform</subfield><subfield code="b">h</subfield><subfield code="2">rdamedia</subfield></datafield><datafield ind1=" " ind2=" " tag="338"><subfield code="a">microfilm reel</subfield><subfield code="b">hd</subfield><subfield code="2">rdacarrier</subfield></datafield><datafield ind1="0" ind2=" " tag="362"><subfield code="a">Vol. 42, no. 20 (Mar. 20, 1913)-</subfield></datafield><datafield ind1=" " ind2=" " tag="515"><subfield code="a">Issues for Aug. 8-Nov. 21, 1985 called also v. 94, no. 32-v. 94 no. 47, continuing the numbering of the Emerson tri-county press.</subfield></datafield><datafield ind1=" " ind2=" " tag="580"><subfield code="a">Formed by the union of: Northern Nebraska journal, and: Dixon County leader.</subfield></datafield><datafield ind1=" " ind2=" " tag="533"><subfield code="a">Microfilm.</subfield><subfield code="m">1913- :[Gaps]</subfield><subfield code="b">Lincoln, Neb. :</subfield><subfield code="c">Nebraska State Historical Society.</subfield><subfield code="e">microfilm reels ; 35 mm.</subfield></datafield><datafield ind1=" " ind2="0" tag="651"><subfield code="a">Ponca (Neb.)</subfield><subfield code="v">Newspapers.</subfield></datafield><datafield ind1=" " ind2="0" tag="651"><subfield code="a">Dixon County (Neb.)</subfield><subfield code="v">Newspapers.</subfield></datafield><datafield ind1=" " ind2="7" tag="651"><subfield code="a">Nebraska</subfield><subfield code="z">Dixon County.</subfield><subfield code="2">fast</subfield><subfield code="0">(OCoLC)fst01212882</subfield></datafield><datafield ind1=" " ind2="7" tag="651"><subfield code="a">Nebraska</subfield><subfield code="z">Ponca.</subfield><subfield code="2">fast</subfield><subfield code="0">(OCoLC)fst01280764</subfield></datafield><datafield ind1=" " ind2="7" tag="655"><subfield code="a">Newspapers.</subfield><subfield code="2">fast</subfield><subfield code="0">(OCoLC)fst01423814</subfield></datafield><datafield ind1=" " ind2=" " tag="752"><subfield code="a">United States</subfield><subfield code="b">Nebraska</subfield><subfield code="c">Dixon</subfield><subfield code="d">Ponca.</subfield></datafield><datafield ind1="1" ind2="4" tag="780"><subfield code="t">Northern Nebraska journal</subfield><subfield code="w">(DLC)sn 94055413</subfield></datafield><datafield ind1="1" ind2="4" tag="780"><subfield code="t">Dixon County leader</subfield><subfield code="w">(DLC)sn 94055414</subfield></datafield><datafield ind1="0" ind2="5" tag="785"><subfield code="t">Emerson tri-county press</subfield><subfield code="w">(DLC)sn 94055539</subfield></datafield><datafield ind1="1" ind2=" " tag="029"><subfield code="a">AU@</subfield><subfield code="b">000011230137</subfield></datafield></record>